% Bibliografifil för projektrapporten
% Detta är exempel på referenser i IEEE-stil med BibTeX

% Kursboken
@book{sharp2019,
  author    = {Sharp, Helen and Rogers, Yvonne and Preece, Jennifer},
  title     = {Interaction Design: Beyond Human-Computer Interaction},
  publisher = {Wiley},
  year      = {2019},
  edition   = {5th},
  address   = {Indianapolis, IN}
}

% Nielsen & Budiu om mobil användbarhet
@book{nielsen2012,
  author    = {Nielsen, Jakob and Budiu, Raluca},
  title     = {Mobile Usability},
  publisher = {New Riders},
  year      = {2013},
  address   = {Berkeley, CA}
}

% Vetenskapsrådets forskningsetiska principer
@online{vetenskapsradet2002,
  author       = {{Vetenskapsrådet}},
  title        = {Forskningsetiska principer inom humanistisk-samhällsvetenskaplig forskning},
  year         = {2002},
  url          = {https://www.vr.se/analys/rapporter/vara-rapporter/2002-01-08-forskningsetiska-principer-inom-humanistisk-samhallsvetenskaplig-forskning.html},
  urldate      = {2023-10-10}
}

% Exempel på forskningsartikel
@article{example_article,
  author  = {Efternamn, Förnamn and Efternamn2, Förnamn2},
  title   = {Artikelns titel},
  journal = {Journal Name},
  year    = {2020},
  volume  = {10},
  number  = {2},
  pages   = {123--145},
  doi     = {10.1234/example.2020.123}
}

% Exempel på konferenspaper
@inproceedings{example_conference,
  author    = {Efternamn, Förnamn},
  title     = {Paper Title},
  booktitle = {Proceedings of the Conference on Human Factors in Computing Systems},
  year      = {2021},
  pages     = {1--12},
  address   = {New York, NY},
  publisher = {ACM},
  doi       = {10.1145/example}
}

% Exempel på webbsida
@online{example_web,
  author  = {{Organisation}},
  title   = {Sidans titel},
  year    = {2023},
  url     = {https://www.example.com},
  urldate = {2023-10-10}
}

% Lägg till era egna referenser här enligt samma format
% Kom ihåg att använda \cite{referens_id} i texten för att referera
